<?xml version="1.0" encoding="UTF-8"?><collection><record><leader>05110ntm a2200613 a 4500</leader><controlfield tag="001">006832856</controlfield><controlfield tag="003">MiAaHDL</controlfield><controlfield tag="005">20190719000000.0</controlfield><controlfield tag="006">m        d        </controlfield><controlfield tag="007">cr bn ---auaua</controlfield><controlfield tag="008">090629s193u    xx            00| ||ara d</controlfield><datafield tag="035" ind1=" " ind2=" "><subfield code="a">(MiU)006832856</subfield></datafield><datafield tag="035" ind1=" " ind2=" "><subfield code="a">sdr-miu006832856</subfield></datafield><datafield tag="040" ind1=" " ind2=" "><subfield code="a">MiU</subfield><subfield code="c">MiU</subfield><subfield code="e">amremm</subfield></datafield><datafield tag="043" ind1=" " ind2=" "><subfield code="a">n-us-mi</subfield></datafield><datafield tag="100" ind1="1" ind2=" "><subfield code="6">880-01</subfield><subfield code="a">Suhrawardī, Yaḥyá ibn Ḥabash,</subfield><subfield code="d">1152 or 1153-1191.</subfield></datafield><datafield tag="240" ind1="1" ind2="0"><subfield code="6">880-02</subfield><subfield code="a">Ḥikmat al-ishrāq.</subfield><subfield code="n">qism 1</subfield></datafield><datafield tag="245" ind1="1" ind2="0"><subfield code="6">880-03</subfield><subfield code="a">Manṭiq Ḥikmat al-ishrāq,</subfield><subfield code="f">[193-?].</subfield></datafield><datafield tag="246" ind1="3" ind2="4"><subfield code="a">حكمة الاشراق</subfield></datafield><datafield tag="260" ind1=" " ind2=" "><subfield code="c">[193-?].</subfield></datafield><datafield tag="300" ind1=" " ind2=" "><subfield code="a">32 leaves :</subfield><subfield code="b">paper ;</subfield><subfield code="c">207 x 162 mm. bound to 213 x 168 mm.</subfield></datafield><datafield tag="500" ind1=" " ind2=" "><subfield code="a">Shelfmark: Ann Arbor, University of Michigan, Special Collections Library, Isl. Ms. 967</subfield></datafield><datafield tag="500" ind1=" " ind2=" "><subfield code="a">Origin: Lacks dated scribal colophon ; likely copied in Egypt in the late 1930s and bound for James Heyworth-Dunne (d.1974).</subfield></datafield><datafield tag="500" ind1=" " ind2=" "><subfield code="a">Former shelfmark: Mich. Isl. Ms. temp. no. 116</subfield></datafield><datafield tag="500" ind1=" " ind2=" "><subfield code="a">Binding: Boards covered in black textured cloth ; pastedowns and flyleaves in wove paper printed with a geometric pattern (resembling a scale pattern) in dull gold ; cover gold-stamped with "حكمة الاشراق" ; sewn in heavy white thread over two recessed cords ; overall in fairly good condition with minor abrasion at board edges.</subfield></datafield><datafield tag="500" ind1=" " ind2=" "><subfield code="a">Support: Machine laid and wove paper ; opening type (pp.3-42) machine laid, sturdy, dark cream to beige in color ; final type machine wove, sturdy, dark cream in color.</subfield></datafield><datafield tag="500" ind1=" " ind2=" "><subfield code="a">Decoration: Text of opening two sections executed entirely in red ink.</subfield></datafield><datafield tag="500" ind1=" " ind2=" "><subfield code="a">Script: Ruqʻah ; careful, compact modern hand initially in a medium to bold line, in final section in a thinner line ; serifless and freely ligatured with mainly closed counters, effect of inclination to the right and of words descending to baseline, pointing somewhat careless and in strokes rather than distinct dots.</subfield></datafield><datafield tag="500" ind1=" " ind2=" "><subfield code="a">Layout: Written in 12-14 lines per page.</subfield></datafield><datafield tag="500" ind1=" " ind2=" "><subfield code="a">Collation: ii, 2 V(20), IV (28), II (32), ii ; pages between sections (corresponding to gatherings) left blank, some serving as 'title pages' (see pp.23, 43, 59) ; catchwords present ; pagination in pencil, Western numerals, presumably supplied during digitization (includes inner flyleaves).</subfield></datafield><datafield tag="500" ind1=" " ind2=" "><subfield code="a">Explicit: "والضوابط القليلة الجامعة خير من الكثرة المحوجة الى تكلفات واعتذارات واهبة تم المنطق"</subfield></datafield><datafield tag="500" ind1=" " ind2=" "><subfield code="a">Incipit: "جل ذكرك اللهم وعظم قدسك وعز جارك وعلت سبحانك وتعالى جهدك ... وبعد اعلموا اخواني ان كثرة اقتراحكم في تحرير حكمة الاشراق اوهنت عزمي في الامتناع وازالت ميلي الى الاضراب عن الاسعاف ..."</subfield></datafield><datafield tag="500" ind1=" " ind2=" "><subfield code="a">Title from 'title pages' at openings of each section (pp.3, 23, 43, 59).</subfield></datafield><datafield tag="500" ind1=" " ind2=" "><subfield code="a">Ms. codex.</subfield></datafield><datafield tag="510" ind1="4" ind2=" "><subfield code="a">Walbridge, John. The Leaven of the Ancients: Suhrawardī and the heritage of the Greeks. Albany (NY), 2000.</subfield></datafield><datafield tag="510" ind1="4" ind2=" "><subfield code="a">Walbridge, John. The Wisdom of the mystic East: Suhrawardī and platonic Orientalism. Albany (NY), 2001.</subfield></datafield><datafield tag="510" ind1="4" ind2=" "><subfield code="a">Ziai, Hossein. "al-Suhrawardī, S̲h̲ihāb al-Dīn Yaḥyā b. Ḥabas̲h̲ b. Amīrak, Abu 'l-Futūḥ." In EI2,</subfield><subfield code="c">vo.IX, p.782, col.1</subfield></datafield><datafield tag="510" ind1="4" ind2=" "><subfield code="a">Brockelmann, C. GAL,</subfield><subfield code="c">I 437</subfield></datafield><datafield tag="510" ind1="4" ind2=" "><subfield code="a">Suhrawardī, Yaḥyá ibn Ḥabash. The Philosophy of illumination : Ḥikmat al-ishrāq : a new critical edition of the text of Ḥikmat al-ishrāq. Ed. John Walbridge and Hossein Ziai. Provo, (UT), 1999.</subfield></datafield><datafield tag="520" ind1="8" ind2=" "><subfield code="a">Careful though incomplete copy of the first part (al-Qism al-awwal) of Ḥikmat al-ishrāq, the widely-known text on the philosophy of illumination by Shihāb al-Dīn Yaḥyá ibn Ḥabash al-Suhrawardī (d.1191), ending with the conclusion of al-Faṣl al-thānī of al-Maqālah al-thālithah (see p.42 of the Walbridge and Ziai edition).</subfield></datafield><datafield tag="538" ind1=" " ind2=" "><subfield code="a">Mode of access: Internet.</subfield></datafield><datafield tag="541" ind1=" " ind2=" "><subfield code="a">Acquired in the Fall of 1950.</subfield></datafield><datafield tag="546" ind1=" " ind2=" "><subfield code="a">Arabic.</subfield></datafield><datafield tag="561" ind1=" " ind2=" "><subfield code="a">On upper pastedown, label with ex libris of James Heyworth-Dunne (d.1974), stamped with inventory number, "Ex Libris | J. Heyworth-Dunne | D. Lit. (London) | No. 7912" ; UM Library inscription on p.3 "Dunning | Heyworth-Dunne | 6-13-51 | 71955" ; a few marginal glosses and corrections ; inner flyleaves and final leaf carry further excerpts (see pp.2, 66, 67).</subfield></datafield><datafield tag="650" ind1=" " ind2="0"><subfield code="a">Manuscripts, Arabic</subfield><subfield code="z">Michigan</subfield><subfield code="z">Ann Arbor.</subfield></datafield><datafield tag="650" ind1=" " ind2="0"><subfield code="a">Metaphysics</subfield><subfield code="v">Early works to 1800.</subfield></datafield><datafield tag="650" ind1=" " ind2="0"><subfield code="a">Sufism</subfield><subfield code="v">Early works to 1800.</subfield></datafield><datafield tag="650" ind1=" " ind2="0"><subfield code="a">Islamic philosophy</subfield><subfield code="v">Early works to 1800.</subfield></datafield><datafield tag="650" ind1=" " ind2="0"><subfield code="a">Ishrāqīyah</subfield><subfield code="v">Early works to 1800.</subfield></datafield><datafield tag="700" ind1="1" ind2=" "><subfield code="a">Heyworth-Dunne, J.</subfield><subfield code="q">(James),</subfield><subfield code="e">former owner.</subfield></datafield><datafield tag="773" ind1="0" ind2=" "><subfield code="a">Heyworth-Dunne Collection.</subfield></datafield><datafield tag="880" ind1="1" ind2="0"><subfield code="6">245-03/</subfield><subfield code="a">منطق حكمة الاشراق,</subfield><subfield code="f">[193-م؟].</subfield></datafield><datafield tag="880" ind1="1" ind2="0"><subfield code="6">240-02/</subfield><subfield code="a">حكمة الاشراق.</subfield><subfield code="n">قسم 1</subfield></datafield><datafield tag="880" ind1="1" ind2=" "><subfield code="6">100-01/</subfield><subfield code="a">سهروردي، يحيى بن حبش.</subfield></datafield><datafield tag="CID" ind1=" " ind2=" "><subfield code="a">006832856</subfield></datafield><datafield tag="DAT" ind1="0" ind2=" "><subfield code="a">20190719102640.0</subfield><subfield code="b">20190719000000.0</subfield></datafield><datafield tag="DAT" ind1="1" ind2=" "><subfield code="a">20190719090653.0</subfield><subfield code="b">2019-07-19T16:12:23Z</subfield></datafield><datafield tag="DAT" ind1="2" ind2=" "><subfield code="a">2015-10-10T18:00:06Z</subfield></datafield><datafield tag="CAT" ind1=" " ind2=" "><subfield code="a">SDR-MIU</subfield><subfield code="d">EX LIBRIS - ALEPH</subfield><subfield code="l">prepare.pl-004-008</subfield></datafield><datafield tag="FMT" ind1=" " ind2=" "><subfield code="a">BK</subfield></datafield><datafield tag="HOL" ind1=" " ind2=" "><subfield code="0">sdr-miu006832856</subfield><subfield code="a">MiU</subfield><subfield code="b">SDR</subfield><subfield code="c">MIU</subfield><subfield code="p">mdp.39015079131481</subfield><subfield code="s">MIU</subfield><subfield code="1">006832856</subfield></datafield><datafield tag="974" ind1=" " ind2=" "><subfield code="b">MIU</subfield><subfield code="c">MIU</subfield><subfield code="d">20190719</subfield><subfield code="s">lit-dlps-dc</subfield><subfield code="u">mdp.39015079131481</subfield><subfield code="y">1939</subfield><subfield code="r">pd</subfield><subfield code="q">exp</subfield></datafield></record></collection>